<record><leader>00000cas a22000007a 4500</leader><controlfield tag="001">13895066</controlfield><controlfield tag="008">860717d18841885utuwr ne      0    0eng d</controlfield><datafield ind1=" " ind2=" " tag="010"><subfield code="a">sn 86091530 </subfield></datafield><datafield ind1=" " ind2=" " tag="040"><subfield code="a">UNP</subfield><subfield code="b">eng</subfield><subfield code="c">UNP</subfield><subfield code="d">OCLCQ</subfield></datafield><datafield ind1="0" ind2="0" tag="245"><subfield code="a">Sevier Valley echo.</subfield></datafield><datafield ind1=" " ind2=" " tag="260"><subfield code="a">Richfield, Utah :</subfield><subfield code="b">J.T. Jakeman</subfield></datafield><datafield ind1=" " ind2=" " tag="300"><subfield code="a">v. :</subfield><subfield code="b">ill. (chiefly ads.) ;</subfield><subfield code="c">44-61 cm.</subfield></datafield><datafield ind1=" " ind2=" " tag="310"><subfield code="a">Weekly</subfield></datafield><datafield ind1="1" ind2=" " tag="362"><subfield code="a">Began with Aug. 15, 1884 issue; ceased with May 1, 1885 issue.</subfield><subfield code="z">Cf. Alter, J.C. Early Utah journalism.</subfield></datafield><datafield ind1=" " ind2=" " tag="588"><subfield code="a">Description based on: Vol. 1, no. 10 (Oct. 17, 1884).</subfield></datafield><datafield ind1=" " ind2=" " tag="752"><subfield code="a">United States</subfield><subfield code="b">Utah</subfield><subfield code="c">Sevier</subfield><subfield code="d">Richfield.</subfield></datafield><datafield ind1="0" ind2="0" tag="785"><subfield code="t">Home sentinel (Manti, Utah)</subfield><subfield code="w">(DLC)sn 85058290</subfield><subfield code="w">(DLC)1279952</subfield></datafield></record>